<record><leader>00000cas a22000007a 4500</leader><controlfield tag="001">16057682</controlfield><controlfield tag="008">870623d189u19uunyucr ne      0    0eng d</controlfield><datafield ind1=" " ind2=" " tag="010"><subfield code="a">sn 87080371 </subfield></datafield><datafield ind1=" " ind2=" " tag="040"><subfield code="a">NPH</subfield><subfield code="b">eng</subfield><subfield code="c">NPH</subfield><subfield code="d">NYS</subfield><subfield code="d">OCLCQ</subfield></datafield><datafield ind1=" " ind2=" " tag="042"><subfield code="a">msc</subfield></datafield><datafield ind1="0" ind2=" " tag="130"><subfield code="a">Semi-weekly gazette (Port Jervis, N.Y.)</subfield></datafield><datafield ind1="1" ind2="4" tag="245"><subfield code="a">The semi-weekly gazette.</subfield></datafield><datafield ind1=" " ind2=" " tag="260"><subfield code="a">Port Jervis, N.Y. :</subfield><subfield code="b">Gazette Pub. Co.</subfield></datafield><datafield ind1=" " ind2=" " tag="300"><subfield code="a">v. ;</subfield><subfield code="c">56 cm.</subfield></datafield><datafield ind1=" " ind2=" " tag="310"><subfield code="a">Semiweekly</subfield></datafield><datafield ind1=" " ind2=" " tag="500"><subfield code="a">Published Tuesday and Friday.</subfield></datafield><datafield ind1=" " ind2=" " tag="580"><subfield code="a">Daily ed.: Evening gazette (Port Jervis, N.Y.).</subfield></datafield><datafield ind1=" " ind2=" " tag="588"><subfield code="a">Description based on: Vol. 31, no. 17 (July 18, 1899).</subfield></datafield><datafield ind1=" " ind2="4" tag="651"><subfield code="a">Port Jervis (N.Y.)</subfield><subfield code="v">Newspapers.</subfield></datafield><datafield ind1=" " ind2=" " tag="752"><subfield code="a">United States</subfield><subfield code="b">New York</subfield><subfield code="c">Orange</subfield><subfield code="d">Port Jervis.</subfield></datafield><datafield ind1="1" ind2=" " tag="775"><subfield code="t">Evening gazette (Port Jervis, N.Y.)</subfield><subfield code="w">(DLC)sn 83031647</subfield><subfield code="w">(OCoLC)9939897</subfield></datafield><datafield ind1="0" ind2="0" tag="780"><subfield code="t">Weekly gazette (Port Jervis, N.Y.)</subfield><subfield code="w">(DLC)sn 91066986</subfield><subfield code="w">(OCoLC)24578935</subfield></datafield><datafield ind1="1" ind2=" " tag="029"><subfield code="a">AU@</subfield><subfield code="b">000025813191</subfield></datafield></record>